
@ARTICLE{Simi2014,
    title= {Composable languages for bioinformatics: the NYoSh experiment},
    author= {Simi, Manuele and Campagne, Fabien},
    journal= {PeerJ},
    year={2014}
}

@ONLINE{LOP_Campagne_2006,
author = {Campagne, Fabien},
title = {Language Oriented Programming},
month = oct,
year = {2006},
url = {http://icb.med.cornell.edu/wiki/index.php/Language_Oriented_Programming}
}

@article{Yang:2013,
   author={Yang, Y and Muzny, DM and Reid, JG and Bainbridge, MN and Willis, A and Ward, PA and Braxton, A and Beuten, J and Xia, F and Niu, Z and Hardison, M and Person, R and Bekheirnia, MR and Leduc, MS and Kirby, A and Pham, P and Scull, J and Wang, M and Ding, Y and Plon, SE and Lupski, JR and Beaudet, AL and Gibbs, RA and Eng, CM},
   Title = {Clinical Whole-Exome Sequencing for the Diagnosis of Mendelian Disorders},
   Journal = {New England Journal of Medicine},
      Year = {2013}
      }
      
@article{Voelter_Solomatov:2010,
   author = {Voelter, Markus and Solomatov, Konstantin},
   Title = {Language modularization and composition with projectional language workbenches illustrated with MPS},
   Journal = {Software Language Engineering, SLE},
      Year = {2010} }

@misc{lam2006compilers,
  title={Compilers: Principles, Techniques, and Tools},
  author={Lam, Monica and Sethi, R and Ullman, J and Aho, A},
  year={2006},
  publisher={Addison-Wesley}
}

@misc{wiki_SoftwareFramework,
   author = {Gachet and others},
   title = {Software Framework},
   year = {2004},
   url = {http://en.wikipedia.org/wiki/Software_framework},
   publisher = {Wikipedia},
   note = {Online; accessed 28 December 2013.}
}

@misc{wiki_DomainSpecificLanguage,
   title={Domain Specific Language},
   author={Ford, Paul and others},
   year={2004},
   url={http://en.wikipedia.org/wiki/Domain-specific_language},
   publisher={Wikipedia},
   note = {Online; accessed 28 December 2013.}
}

@misc{wiki_Refactoring,
   title={Refactoring},
   author={Elenfors,Bjorn and others},
   year={2001},
   url={http://en.wikipedia.org/wiki/Code_refactoring#List_of_refactoring_techniques},
   publisher={Wikipedia},
   note = {Online; accessed 28 December 2013.}
}
@incollection{Voelter:2013,
   author = {Voelter, Markus},
   Title = {Language and IDE Modularization and Composition with MPS},
   BookTitle = {Generative and Transformational Techniques in Software Engineering IV},
   Publisher = {Springer},
   Pages = {383-430},
      Year = {2013} }
      
@misc{Dmitriev:2004,
   author = {Dmitriev, Sergey},
   title = {Language oriented programming: The next programming paradigm},
   Year = {2004},
   url={http://www.jetbrains.com/mps/docs/Language_Oriented_Programming.pdf}
}

@inproceedings{Simonyi:1995,
   author = {Simonyi, Charles},
   Title = {The death of computer languages, the birth of intentional programming},
   BookTitle = {NATO Science Committee Conference},
   Year = {1995}, 
   url = {http://research.microsoft.com/apps/pubs/default.aspx?id=69540}
}
      
@inproceedings{Simonyi:2006,
   author = {Simonyi, Charles and Christerson, Magnus and Clifford, Shane},
   Title = {Intentional software},
   BookTitle = {ACM SIGPLAN Notices},
   Publisher = {ACM},
   Volume = {41},
   Pages = {451-464},
   Year = {2006} 
}

@ONLINE{PatternLanguageURL,
    year={2011},
    author = {Gryaznov, Evgeny and Pech, Vaclav},
    url={http://confluence.jetbrains.com/display/MPSD30/Pattern},
    note = {Online; accessed 2 February 2014.}
}

@BOOK{Gosling2005,
 author = {Gosling, James and Joy, Bill and Steele, Guy and Bracha, Gilad},
 editor ={ Gosling, James},
 title = {Java(TM) Language Specification, The (3rd Edition) (Java (Addison-Wesley))},
 year = {2005},
 isbn = {0321246780},
 publisher = {Addison-Wesley Professional}
} 

@BOOK{Stroustrup_2000,
 author = {Stroustrup, Bjarne},
 editor = {Stroustrup, Bjarne},
 title = {The  C++ Programming Language},
 year = {2000},
 isbn = {0201700735},
 edition = {3rd},
 publisher = {Addison-Wesley Longman Publishing Co., Inc.},
 address = {Boston, MA, USA}
} 


@ARTICLE{liskov:1994:behavioral,
  title={A behavioral notion of subtyping.},
  author={Liskov, Barbara H and Wing, Jeannette M},
  journal={ACM Transactions on Programming Languages and Systems (TOPLAS)},
  volume={16},
  number={6},
  pages={1811--1841},
  year={1994},
  publisher={ACM}
}

@ONLINE{MODS,
author={{Standards Office of the Library of Congress}},
title={Metadata Object Description Schema (MODS) is a schema for a bibliographic element set.},
url={http://www.loc.gov/standards/mods/},
note = {Online; accessed 8 March 2014.}

}

@BOOK{DSLEngineering,
 author = {Markus Voelter and Sebastian Benz and Christian Dietrich and Birgit Engelmann and Mats Helander and Lennart Kats and Eelco Visser and  Guido Wachsmuth},
 title = {DSL Engineering, Designing, Implementing and Using Domain-Specific Languages}, 
 year = {2013},
 isbn = {978-1481218580},
 edition = {1st Edition},
 publisher = {CreateSpace Independent Publishing Platform (January 23, 2013)},
} 


@ONLINE{StringTemplate:Online,
author = {Parr, Terrence},
title = {StringTemplate},
url = {http://www.stringtemplate.org/},
note = {Online; accessed 29 December 2013.}

}

@ONLINE{CSLWebSite,
author={CitationStyles},
title={Citation Style Language (CSL), an open XML-based language to describe the formatting of citations and bibliographies},
url={http://citationstyles.org/},
note = {Online; accessed 22 February 2014.}

}

@ONLINE{VelocityTemplateEngine:Online,
author = {The Apache Consortium},
title = {http://velocity.apache.org/},
url = {http://www.stringtemplate.org/},
note = {Online; accessed 29 December 2013.}

}

@book{campagne2014mps,
  title={The MPS Language Workbench: Volume I},
  author={Campagne, Fabien},
  volume={1},
  year={2014},
  publisher={Fabien Campagne}
}

@book{campagne2015mps,
  title={The MPS Language Workbench: Volume II},
  author={Campagne, Fabien},
  volume={2},
  year={2015},
  publisher={Fabien Campagne}
}

@article{Cook2007,
author = {Cook, Dianne and Hofmann, Heike and Lee, Eun-Kyung and Yang, Hao and Nikolau, Basil and Wurtele, Eve},
issn = {1683-8602},
journal = {Journal of data science: JDS},
month = jan,
pages = {151--182},
title = {{Exploring gene expression data, using plots}},
url = {http://www.researchgate.net/publication/228684305\_Exploring\_gene\_expression\_data\_using\_plots},
volume = {5},
year = {2007}
}
@article{venn1880diagrammatic,
  title={I. On the diagrammatic and mechanical representation of propositions and reasonings},
  author={Venn, John},
  journal={The London, Edinburgh, and Dublin Philosophical Magazine and Journal of Science},
  volume={10},
  number={59},
  pages={1--18},
  year={1880},
  publisher={Taylor \& Francis}
}




